@INPROCEEDINGS{1021348, 
author={Rajlich, V. and Wilde, N.}, 
booktitle={Program Comprehension, 2002. Proceedings. 10th International Workshop on}, title={The role of concepts in program comprehension}, 
year={2002}, 
month={}, 
volume={}, 
number={}, 
pages={ 271 - 278}, 
keywords={Computer science;Conferences;Credit cards;Documentation;Humans;Programming profession;Software engineering;Software maintenance;Visualization; reverse engineering; software maintenance; systems re-engineering; code changes; code reengineering; concept location; concepts; human learning; program comprehension;}, 
doi={10.1109/WPC.2002.1021348}, 
ISSN={1092-8138},}
@ARTICLE{402076, 
author={von Mayrhauser, A. and Vans, A.M.}, 
journal={Computer}, title={Program comprehension during software maintenance and evolution}, 
year={1995}, 
month={aug}, 
volume={28}, 
number={8}, 
pages={44 -55}, 
keywords={Application software;Cognition;Cognitive science;Computer architecture;Documentation;Large-scale systems;Programming profession;Round robin;Scalability;Software maintenance;human factors;large-scale systems;reverse engineering;software maintenance;bottom-up model;code cognition models;data availability;experimental procedures;integrated metamodel;large-scale code;partial understanding;program code understanding;program comprehension models;scalability;software evolution;software maintenance;specialized tasks;top-down model;}, 
doi={10.1109/2.402076}, 
ISSN={0018-9162},}
@ARTICLE{1000450, 
author={Hendrix, D. and Cross, J.H., II and Maghsoodloo, S.}, 
journal={Software Engineering, IEEE Transactions on}, title={The effectiveness of control structure diagrams in source code comprehension activities}, 
year={2002}, 
month={may}, 
volume={28}, 
number={5}, 
pages={463 -477}, 
keywords={Computer graphics;Computer science;Data visualization;Performance evaluation;Software engineering;Software libraries;Statistical analysis;diagrams;program control structures;program visualisation;reverse engineering;computer science students;control structure diagrams;data analysis;experiments;program comprehensibility;public domain graphics library;software engineering students;software visualizations;source code comprehension;statistical analysis;}, 
doi={10.1109/TSE.2002.1000450}, 
ISSN={0098-5589},}
@ARTICLE{469502, 
author={von Mayrhauser, A. and Vans, A.M.}, 
journal={Software Engineering Journal}, title={Industrial experience with an integrated code comprehension model }, 
year={1995}, 
month={sep}, 
volume={10}, 
number={5}, 
pages={171 -182}, 
keywords={reverse engineering;software development management;software maintenance;audio-taped think aloud reports;industrial experience;industrial maintenance activities;information needs;integrated code comprehension model;maintenance activities;maintenance tasks;software development;software maintenance effort;tool capabilities;}, 
doi={}, 
ISSN={0268-6961},}
@INPROCEEDINGS{1562886, 
author={Austin, M.A., III and Samadzadeh, M.H.}, 
booktitle={Systems Engineering, 2005. ICSEng 2005. 18th International Conference on}, title={Software comprehension/maintenance: an introductory course}, 
year={2005}, 
month={aug.}, 
volume={}, 
number={}, 
pages={ 414 - 419}, 
keywords={Area measurement;Computer industry;Computer science;Costs;Education;Flow graphs;Programming profession;Software engineering;Software maintenance;Software measurement; computer science education; reverse engineering; software maintenance; software comprehension education; software maintenance education;}, 
doi={10.1109/ICSENG.2005.77}, 
ISSN={},}
@article{Brooks1983543,
title = "Towards a theory of the comprehension of computer programs",
journal = "International Journal of Man-Machine Studies",
volume = "18",
number = "6",
pages = "543 - 554",
year = "1983",
note = "",
issn = "0020-7373",
doi = "10.1016/S0020-7373(83)80031-5",
url = "http://www.sciencedirect.com/science/article/pii/S0020737383800315",
author = "Ruven Brooks"
}
@article{DBLP:journals/corr/abs-cs-0503068,
  author    = {Michael L. Nelson},
  title     = {A Survey of Reverse Engineering and Program Comprehension},
  journal   = {CoRR},
  volume    = {abs/cs/0503068},
  year      = {2005},
  ee        = {http://arxiv.org/abs/cs/0503068},
  bibsource = {DBLP, http://dblp.uni-trier.de}
}
@article{Benander199673,
title = "Recursion vs. iteration: An empirical study of comprehension",
journal = "Journal of Systems and Software",
volume = "32",
number = "1",
pages = "73 - 82",
year = "1996",
note = "",
issn = "0164-1212",
doi = "10.1016/0164-1212(95)00043-7",
url = "http://www.sciencedirect.com/science/article/pii/0164121295000437",
author = "Alan C. Benander and Barbara A. Benander and Howard Pu"
}
@article{Miara:1983:PIC:182.358437,
 author = {Miara, Richard J. and Musselman, Joyce A. and Navarro, Juan A. and Shneiderman, Ben},
 title = {Program indentation and comprehensibility},
 journal = {Commun. ACM},
 issue_date = {Nov. 1983},
 volume = {26},
 number = {11},
 month = nov,
 year = {1983},
 issn = {0001-0782},
 pages = {861--867},
 numpages = {7},
 url = {http://doi.acm.org/10.1145/182.358437},
 doi = {10.1145/182.358437},
 acmid = {358437},
 publisher = {ACM},
 address = {New York, NY, USA},
 keywords = {indentation, program format, program readability},
}

@article{schneiderman1979,
 author = {Schneiderman, Ben and Mayer, Richard},
 title = {Syntactic/Semantic Interactions in Programmer Behavior: A Model and Experimental Results},
 journal = {International Journal of Computer and Information Sciences},
 volume = {8},
 number = {3},
 year = {1979},
 pages = {219-237},
}
@article{soloway1984,
 author = {Soloway, Elliot and Ehrlich, Kate},
 title = {Empirical Studies of Programming Knowledge},
 journal = {IEEE Transactions on Software Engineering},
 volume = {10},
 number = {5},
 month = {Sept.},
 year = {1984},
 pages = {595-609}
}

@article{wiedenbeck1991,
 author = {Wiedenbeck, Susan},
 title = {The initial stage of program comprehension},
 journal = {Int. J. Man-Machine Studies},
 volume = {35},
 year = {1991},
 pages = {517-540}
}
@INPROCEEDINGS{mosemann2001,
author={Mosemann, R. and Wiedenbeck, S.}, 
booktitle={Program Comprehension, 2001. IWPC 2001. Proceedings. 9th International Workshop on}, title={Navigation and comprehension of programs by novice programmers}, 
year={2001}, 
month={}, 
volume={}, 
number={}, 
pages={79 -88}, 
keywords={Computer languages;Computer science;Debugging;Educational institutions;Navigation;Programming profession;Roads;data flow analysis;reverse engineering;control flow navigation;data flow navigation;mental representation;novice programmers;procedural programmers;program comprehension;program navigation;sequential navigation;}, 
doi={10.1109/WPC.2001.921716}, 
ISSN={1092-8138},
}

@article{storey2005,
author={Storey, M.-A.}, 
booktitle={Program Comprehension, 2005. IWPC 2005. Proceedings. 13th International Workshop on}, title={Theories, methods and tools in program comprehension: past, present and future}, 
year={2005}, 
month={may}, 
volume={}, 
number={}, 
pages={ 181 - 191}, 
keywords={Buildings;Computer science;Conferences;Electronic mail;History;Humans;Programming profession;Silver;Software engineering;Software tools; cognition; reverse engineering; software tools; human characteristics; program characteristics; program comprehension tools;}, 
doi={10.1109/WPC.2005.38}, 
ISSN={1092-8138},
}
@article{aschwanden2006,
  title={Code scanning patterns in program comprehension},
  author={Aschwanden, C. and Crosby, M.},
  booktitle={Proceedings of the 39th Hawaii International Conference on System Sciences},
  year={2006}
}
@article{fitzgerald2008,
  title={Debugging: finding, fixing and flailing, a multi-institutional study of novice debuggers},
  author={Fitzgerald, S. and Lewandowski, G. and McCauley, R. and Murphy, L. and Simon, B. and Thomas, L. and Zander, C.},
  journal={Computer Science Education},
  volume={18},
  number={2},
  pages={93--116},
  year={2008},
  publisher={Taylor \& Francis}
}
@article{gross2009,
  title={Non-programmers identifying functionality in unfamiliar code: strategies and barriers},
  author={Gross, P. and Kelleher, C.},
  journal={Journal of Visual Languages \& Computing},
  volume={21},
  number={5},
  pages={263--276},
  year={2010},
  publisher={Elsevier}
}
